Untuk setiap referensi, baris pertama (Newton1687) merupakan label dan baris-baris berikutnya
merupakan atribut dari referensi yang akan digunakan. Umumnya, format referensi berikut sudah
disediakan oleh penyedia sumber referensi secara online dan bisa langsung digunakan di sini.

Lihat https://www.bibtex.com/g/bibtex-format/ untuk informasi lebih lanjut mengenai format
BibTex yang digunakan pada file ini.

@article{JKT602,
    author = {Raden Ario and Edi Wibowo and Ibnu Pratikto and Surya Fajar},
    title = {Pelestarian Habitat Penyu Dari Ancaman Kepunahan   Di Turtle Conservation And Education Center (TCEC), Bali},
    journal = {Jurnal Kelautan Tropis},
  volume = {19},
    number = {1},
    year = {2016},}

@article{nur2022pelatihan,
  title={Pelatihan Konservasi Penyu Sebagai Biota Perairan Yang Dilindungi Di Pantai Barane, Kabupaten Majene, Provinsi Sulawesi Barat},
  author={Nur, Muhammad and Tenriware, Tenriware and Lestari, Dian and Mahfud, Chairul Ruysd and Tikawati, Tikawati},
  journal={SELAPARANG: Jurnal Pengabdian Masyarakat Berkemajuan},
  volume={6},
  number={4},
  pages={1741--1746},
  year={2022}
}

@ARTICLE{10.3389/fmars.2018.00432,
  AUTHOR={Hays, Graeme C.  and Hawkes, Lucy A. },
  TITLE={Satellite Tracking Sea Turtles: Opportunities and Challenges to Address Key Questions},
  JOURNAL={Frontiers in Marine Science},
  VOLUME={5},
  YEAR={2018},
  URL={https://www.frontiersin.org/journals/marine-science/articles/10.3389/fmars.2018.00432},
  DOI={10.3389/fmars.2018.00432},
  ISSN={2296-7745},
  ABSTRACT={<p>Over 25 years ago the first satellite tracking studies of sea turtles were published. The technology and attachment methods have now come of age with long-term tracks over a year being commonplace and the ability to relay high resolution GPS locations via the Argos satellite system along with behavioral (e.g., diving and activity) and environmental (e.g., temperature) data. Early studies focused on breeding females because they come ashore to nest, allowing individuals to be restrained relatively easily for tag attachment. However, today the development of methods for the capture of turtles at sea are increasingly allowing studies on both adult male turtles as well as immature turtles as small as 11 cm carapace length. Here we review the extent of work after many thousands of individual turtles have been tracked. We consider the state-of-the-art equipment for satellite tracking turtles and how this technology is being used to tackle key questions. We highlight some of the emerging opportunities arising from improved spatial resolution of tracking, increased robustness and miniaturization of tags as well as increasing availability of environmental data. We highlight the huge potential for big-data studies to make use of the thousands of tracks that exist, although we discuss the long-standing challenges surrounding data accessibility.</p>}
}

@misc{zheng2016personreidentificationpastpresent,
      title={Person Re-identification: Past, Present and Future}, 
      author={Liang Zheng and Yi Yang and Alexander G. Hauptmann},
      year={2016},
      eprint={1610.02984},
      archivePrefix={arXiv},
      primaryClass={cs.CV},
      url={https://arxiv.org/abs/1610.02984}, 
}

@ARTICLE{9716741,
  author={Han, Kai and Wang, Yunhe and Chen, Hanting and Chen, Xinghao and Guo, Jianyuan and Liu, Zhenhua and Tang, Yehui and Xiao, An and Xu, Chunjing and Xu, Yixing and Yang, Zhaohui and Zhang, Yiman and Tao, Dacheng},
  journal={IEEE Transactions on Pattern Analysis and Machine Intelligence}, 
  title={A Survey on Vision Transformer}, 
  year={2023},
  volume={45},
  number={1},
  pages={87-110},
  keywords={Transformers;Task analysis;Encoding;Computer vision;Computational modeling;Visualization;Object detection;Computer vision;high-level vision;low-level vision;self-attention;transformer;video},
  doi={10.1109/TPAMI.2022.3152247}}

@misc{SpaceXBlueprint,
  title={Space X Blueprint},
  year=2021,
  url={https://id.pinterest.com/pin/344032859037191430/},
  urldate={2021-01-26}}
